<?xml version="1.0" encoding="UTF-8"?>
<Document xmlns="urn:iso:std:iso:20022:tech:xsd:camt.052.001.08">
  <BkToCstmrAcctRpt>
    <GrpHdr>
      <MsgId>CAMT052-DAY2</MsgId>
      <CreDtTm>2026-05-02T13:01:21+02:00</CreDtTm>
    </GrpHdr>
    <Rpt>
      <Id>CAMT052-DAY2-RPT</Id>
      <Acct>
        <Id><IBAN>DE00SPARKASSETEST0001</IBAN></Id>
        <Ccy>EUR</Ccy>
      </Acct>
      <Bal>
        <Tp><CdOrPrtry><Cd>OPBD</Cd></CdOrPrtry></Tp>
        <Amt Ccy="EUR">1488.02</Amt>
        <CdtDbtInd>CRDT</CdtDbtInd>
        <Dt><Dt>2026-04-09</Dt></Dt>
      </Bal>
      <Bal>
        <Tp><CdOrPrtry><Cd>CLBD</Cd></CdOrPrtry></Tp>
        <Amt Ccy="EUR">1463.02</Amt>
        <CdtDbtInd>CRDT</CdtDbtInd>
        <Dt><Dt>2026-04-10</Dt></Dt>
      </Bal>
      <Ntry>
        <Amt Ccy="EUR">25.00</Amt>
        <CdtDbtInd>DBIT</CdtDbtInd>
        <Sts><Cd>BOOK</Cd></Sts>
        <BookgDt><Dt>2026-04-10</Dt></BookgDt>
        <ValDt><Dt>2026-04-10</Dt></ValDt>
        <BkTxCd/>
        <NtryDtls>
          <TxDtls>
            <Refs>
              <EndToEndId>E2E-OUT-002</EndToEndId>
              <MndtId>MANDATE-002</MndtId>
            </Refs>
            <RltdPties>
              <Dbtr><Pty><Nm>Fewohbee Test Account</Nm></Pty></Dbtr>
              <DbtrAcct><Id><IBAN>DE00SPARKASSETEST0001</IBAN></Id></DbtrAcct>
              <Cdtr><Pty><Nm>Example Subscription AG</Nm></Pty></Cdtr>
              <CdtrAcct><Id><IBAN>DE00SUBSCRIPTION0001</IBAN></Id></CdtrAcct>
            </RltdPties>
            <RmtInf><Ustrd>Monthly subscription</Ustrd></RmtInf>
          </TxDtls>
        </NtryDtls>
        <AddtlNtryInf>FOLGELASTSCHRIFT</AddtlNtryInf>
      </Ntry>
    </Rpt>
  </BkToCstmrAcctRpt>
</Document>
